	@book{lueder2010liquid,
	  title={Liquid Crystal Displays: Addressing Schemes and Electro-Optical Effects},
	  author={Lueder, E.},
	  isbn={9780470688182},
	  lccn={2009049550},
	  series={Wiley Series in Display Technology},
	  year={2010},
	  publisher={Wiley}
	} 
	
	@online{Fujitsu2006Online,
		author = {Fujitsu Microelectronics America, Inc.},
		title = {Fundamentals of Liquid Crystal Displays â€“ 
			    How They Work and What They Do [online]},
		year = {2006},
		howpublished=  "Available from: \url{http://www.fujitsu.com/downloads/MICRO/fma/pdf/LCD_Backgrounder.pdf}"
	}
	
	@online{DesimpelLCandPhoytonics,
		author = {Chris Desimpel},
		title = {Liquid Crystals and Photonics [online]},
		howpublished=  "Available from: \url{http://lcp.elis.ugent.be/tutorials/lc/lc1}"
	}
	
	@online{CWRU2011PolymersAndLC,
		author = {Case Western Reserve University},
		title = { Polymers and Liquid Crystals [online]},
		year = {2004},
		howpublished=  "Available from: \url{http://plc.cwru.edu/tutorial/enhanced/files/textbook.htm}"
	}
	
	@online{Gu2011WorldofLCD,
		author = {Mingxia Gu},
		title = {The World of Liquid Crystal Displays (LCD) [online]},
		year = {2011},
		howpublished=  "Available from: \url{http://www.personal.kent.edu/~mgu/LCD/index.htm}"
	}
		
	@Phdthesis{Desimpel2006LCD,
		author = "Chris Desimpel",  
		title  = "Liquid Crystal Devices with In-Plane Director Rotation",
		school = "Universitait Gent",
		year = "2005",
	}	
	
	@article{kawamoto2002history,
	  title={The history of liquid-crystal displays},
	  author={Kawamoto, Hirohisa},
	  journal={Proceedings of the IEEE},
	  volume={90},
	  number={4},
	  pages={460--500},
	  year={2002},
	  publisher={IEEE}
	}
	
	@online{wikihistory,
		author = {},
		title = {Liquid crystal: History [online]},
		year = {2014},
		howpublished=  "Available from: \url{http://en.wikipedia.org/wiki/Liquid_crystal#History}"
	}
	
	@misc{tnlcdsubpix, 
	          author =       "Marvin Raaijmakers",   
	          title =        "LCD RGB subpixel [online]", 
	          year =         "2009-11-14 [cit. 2014-04-10]", 
	          howpublished=  "Available from: \url{http://commons.wikimedia.org/wiki/File:LCD_RGB_subpixel.jpg}", 
	     }
	     
	@misc{Desimpel2006polarizersCrossed, 
		author =       "Chris Desimpel",   
		title =        "Linear polarizers crossed [online]", 
		year =         "2006 [cit. 2014-04-10]", 
		howpublished=  "Available from: \url{http://lcp.elis.ugent.be/tutorials/lc/lc2}"
	}
		  	
	@inproceedings{plcaPouziti,
		author    = {Paris Smaragdis and Bhiksha Raj and Madhusudana V. S. Shashanka},
	 	title     = {Sparse and shift-invariant feature extraction from non-negative data},
		booktitle = {ICASSP},
		year      = {2008},
		pages     = {2069-2072},
		ee        = {http://dx.doi.org/10.1109/ICASSP.2008.4518048},
		crossref  = {DBLP:conf/icassp/2008},
		bibsource = {DBLP, http://dblp.uni-trier.de}
	}